<?xml version="1.0" encoding="UTF-8"?><collection><record><leader>05953ntm a2200613 a 4500</leader><controlfield tag="001">006814655</controlfield><controlfield tag="003">MiAaHDL</controlfield><controlfield tag="005">20190719000000.0</controlfield><controlfield tag="006">m        d        </controlfield><controlfield tag="007">cr bn ---auaua</controlfield><controlfield tag="008">090609s1555    xx            00| ||ara d</controlfield><datafield tag="035" ind1=" " ind2=" "><subfield code="a">(MiU)006814655</subfield></datafield><datafield tag="035" ind1=" " ind2=" "><subfield code="a">sdr-miu006814655</subfield></datafield><datafield tag="040" ind1=" " ind2=" "><subfield code="a">MiU</subfield><subfield code="c">MiU</subfield><subfield code="e">amremm</subfield></datafield><datafield tag="041" ind1="0" ind2=" "><subfield code="a">ara</subfield><subfield code="a">per</subfield><subfield code="a">ota</subfield></datafield><datafield tag="043" ind1=" " ind2=" "><subfield code="a">n-us-mi</subfield></datafield><datafield tag="100" ind1="0" ind2=" "><subfield code="6">880-01</subfield><subfield code="a">Jāmī,</subfield><subfield code="d">1414-1492.</subfield></datafield><datafield tag="240" ind1="1" ind2="0"><subfield code="6">880-02</subfield><subfield code="a">Poems.</subfield><subfield code="k">Selections</subfield></datafield><datafield tag="245" ind1="1" ind2="0"><subfield code="6">880-03</subfield><subfield code="a">[Qaṣāʼid-i Jāmī ... etc.,</subfield><subfield code="f">962, i.e. 1555].</subfield></datafield><datafield tag="246" ind1="3" ind2=" "><subfield code="a">قصاید جامی</subfield></datafield><datafield tag="260" ind1=" " ind2=" "><subfield code="c">[1555].</subfield></datafield><datafield tag="300" ind1=" " ind2=" "><subfield code="a">23 leaves :</subfield><subfield code="b">paper ;</subfield><subfield code="c">375 x 145 (288 x 90) mm. bound to 382 x 150 mm.</subfield></datafield><datafield tag="500" ind1=" " ind2=" "><subfield code="a">Shelfmark: Ann Arbor, University of Michigan, Special Collections Library, Isl. Ms. 436</subfield></datafield><datafield tag="500" ind1=" " ind2=" "><subfield code="a">Origin: As appears in colophon at close, copy executed by Safr ʻAlī ibn Khudāwirdī al-Kaffawī (Sefer Ali bin Hüdaverdi el-Kefevî) with transcription completed mid-Dhū al-Ḥijjah 962 [October-November 1555].</subfield></datafield><datafield tag="500" ind1=" " ind2=" "><subfield code="a">Former shelfmark: "120 T. De M. [i.e. Tammaro De Marinis]" inscribed in pencil on interior of upper cover.</subfield></datafield><datafield tag="500" ind1=" " ind2=" "><subfield code="a">Binding: Pasteboards covered in purplish maroon cloth with brown leather over spine (quarter binding) ; Western style binding ; pastedowns and flyleaves in pinkish paper with red fibers ; sewn in white thread, six stations, apparently over two wide tapes ; overall in fairly good condition with only minor abrasion, small split in spine leather, etc.</subfield></datafield><datafield tag="500" ind1=" " ind2=" "><subfield code="a">Support: European laid paper with 9-10 laid lines per cm. (vertical), chain lines spaced roughly 30 mm. apart and watermark of anchor (two line) in circle with six-pointed star above, mainly cream in color (a few leaves tinted pale yellow), quite sturdy though transluscent, burnished ; one bifolium marbled (blue and white) on only one surface.</subfield></datafield><datafield tag="500" ind1=" " ind2=" "><subfield code="a">Decoration: Written area surrounded by frame consisting of a series of gold bands outlined in black fillets with additional colored bands and rules (in green, blue, red) ; triangular accent pieces appear in opposite corners of the written area, for opening leaves contain text in white (nearly lost) on a gold ground with arabesque border in blue or green, but mainly contain chī cloud or arabesque design in black, red, etc. on gold ground with arabesque border in blue, green, black, etc. ; elucidation (Persian) often rubricated or in green ; textual dividers in the form of gold rosettes with blue, red, or green accents ; text of incipit page set off by cloud-bands in red lines ; margins of incipit and facing page gold-flecked.</subfield></datafield><datafield tag="500" ind1=" " ind2=" "><subfield code="a">Script: Nastaʻlīq (talik) ; large, elegant Crimean [?] hand ; serifless with characteristic elongation of horizontal strokes, effect of words descending to baseline, etc.</subfield></datafield><datafield tag="500" ind1=" " ind2=" "><subfield code="a">Layout: Written mainly in 3 hemistiches (in six lines) alternating with 5-7 lines of Persian commentary / elucidation per page, all on the diagonal ; occasionally additional lines appear in the accent pieces of the opposite outer corners.</subfield></datafield><datafield tag="500" ind1=" " ind2=" "><subfield code="a">Collation: i, III-1 (5), 3 III(23), i ; catchwords present ; pagination in pencil, Western numerals, supplied during cataloguing.</subfield></datafield><datafield tag="500" ind1=" " ind2=" "><subfield code="a">Colophon: "Scribal," triangular, reads "تمت الكتاب المجموع في اواسط ذي الحجة المبارك كتبه [كذا] عن يد الضعيف النحيف المحتاج الى رحمة الله تعالى غفر الله ذنوبه سفير على بن خداوردى الكفوى في تاريخ سنه ٩٦٢ تم"</subfield></datafield><datafield tag="500" ind1=" " ind2=" "><subfield code="a">Explicit: "جامی ارباب و فاجر زه عشقس نروند جوهر خود می شناس ار در وجودت جوهر است سر مبادت کرا زین رآه قدم بار کشی"</subfield></datafield><datafield tag="500" ind1=" " ind2=" "><subfield code="a">Incipit: "[بسم الله الرحمن الرحيم اعظم اسماء علیم حکیم] محترمان حرم انس را کوس شه خالی و بانک غافلش دردسرست تازه حدیثیست ز عهد قدیم ..."</subfield></datafield><datafield tag="500" ind1=" " ind2=" "><subfield code="a">Title supplied by cataloguer.</subfield></datafield><datafield tag="500" ind1=" " ind2=" "><subfield code="a">Ms. codex.</subfield></datafield><datafield tag="520" ind1="8" ind2=" "><subfield code="a">Elegant copy of a selection of poems by Jāmī (d.1492) in Persian and Arabic with interlinear commentary / elucidation in Persian and occasional added elucidation in Turkish.</subfield></datafield><datafield tag="538" ind1=" " ind2=" "><subfield code="a">Mode of access: Internet.</subfield></datafield><datafield tag="541" ind1=" " ind2=" "><subfield code="c">Purchase ;</subfield><subfield code="a">Acquired by purchase (funds donated by Horace Rackham).</subfield><subfield code="d">1924.</subfield></datafield><datafield tag="546" ind1=" " ind2=" "><subfield code="a">Persian, Arabic and Ottoman Turkish.</subfield></datafield><datafield tag="561" ind1=" " ind2=" "><subfield code="a">Several former owners' marks on 'title page' (recto of leaf carrying incipit page), some fully or partially effaced, including nearly effaced statement in name of one Mehmet (Muḥammad / محمد) accompanied by octagonal seal impression (also appears near colophon at close) as well as a possible gift statement dated 10 Ṣafar [?] 1310 [ca. 3 September? 1892] accompanied by oval seal impression in name of Ahmet Halil bin Bekir (Aḥmad Khalīl ibn Bakr / احمد خليل بن بكر ) ; interlinear and marginal glosses ; another effaced ownership statement on verso of final leaf.</subfield></datafield><datafield tag="650" ind1=" " ind2="0"><subfield code="a">Manuscripts, Arabic</subfield><subfield code="z">Michigan</subfield><subfield code="z">Ann Arbor.</subfield></datafield><datafield tag="650" ind1=" " ind2="0"><subfield code="a">Manuscripts, Persian</subfield><subfield code="z">Michigan</subfield><subfield code="z">Ann Arbor.</subfield></datafield><datafield tag="650" ind1=" " ind2="0"><subfield code="a">Writing, Arabic</subfield><subfield code="v">Specimens.</subfield></datafield><datafield tag="650" ind1=" " ind2="0"><subfield code="a">Calligraphy, Arabic</subfield><subfield code="v">Specimens.</subfield></datafield><datafield tag="650" ind1=" " ind2="0"><subfield code="a">Calligraphy, Persian</subfield><subfield code="v">Specimens.</subfield></datafield><datafield tag="650" ind1=" " ind2="0"><subfield code="a">Persian poetry</subfield><subfield code="y">747-1500.</subfield></datafield><datafield tag="700" ind1="0" ind2=" "><subfield code="a">Abdülhamid</subfield><subfield code="b">II,</subfield><subfield code="c">Sultan of the Turks,</subfield><subfield code="d">1842-1918,</subfield><subfield code="e">former owner.</subfield></datafield><datafield tag="700" ind1="0" ind2=" "><subfield code="6">880-05</subfield><subfield code="a">Sefer Ali bin Hüdaverdi el-Kefevî,</subfield><subfield code="d">fl. 1555,</subfield><subfield code="e">scribe,</subfield><subfield code="e">calligrapher.</subfield></datafield><datafield tag="773" ind1="0" ind2=" "><subfield code="a">Abdul Hamid Collection.</subfield></datafield><datafield tag="880" ind1="0" ind2=" "><subfield code="6">700-05/</subfield><subfield code="a">سفر على بن خداوردى الكفوى,</subfield><subfield code="e">ناسخ,</subfield><subfield code="e">خطاط.</subfield></datafield><datafield tag="880" ind1="1" ind2="0"><subfield code="6">245-03/</subfield><subfield code="a">[قصائد جامى ... الخ,</subfield><subfield code="f">962ه, 1555م].</subfield></datafield><datafield tag="880" ind1="1" ind2="0"><subfield code="6">240-02/</subfield><subfield code="a">ديوان.</subfield><subfield code="k">منتخبات</subfield></datafield><datafield tag="880" ind1="0" ind2=" "><subfield code="6">100-01/</subfield><subfield code="a">جامى.</subfield></datafield><datafield tag="CID" ind1=" " ind2=" "><subfield code="a">006814655</subfield></datafield><datafield tag="DAT" ind1="0" ind2=" "><subfield code="a">20190719102638.0</subfield><subfield code="b">20190719000000.0</subfield></datafield><datafield tag="DAT" ind1="1" ind2=" "><subfield code="a">20190719090653.0</subfield><subfield code="b">2019-07-19T16:12:10Z</subfield></datafield><datafield tag="DAT" ind1="2" ind2=" "><subfield code="a">2015-10-02T18:00:03Z</subfield></datafield><datafield tag="CAT" ind1=" " ind2=" "><subfield code="a">SDR-MIU</subfield><subfield code="d">EX LIBRIS - ALEPH</subfield><subfield code="l">prepare.pl-004-008</subfield></datafield><datafield tag="FMT" ind1=" " ind2=" "><subfield code="a">BK</subfield></datafield><datafield tag="HOL" ind1=" " ind2=" "><subfield code="0">sdr-miu006814655</subfield><subfield code="a">MiU</subfield><subfield code="b">SDR</subfield><subfield code="c">MIU</subfield><subfield code="p">mdp.39015079129097</subfield><subfield code="s">MIU</subfield><subfield code="1">006814655</subfield></datafield><datafield tag="974" ind1=" " ind2=" "><subfield code="b">MIU</subfield><subfield code="c">MIU</subfield><subfield code="d">20190719</subfield><subfield code="s">lit-dlps-dc</subfield><subfield code="u">mdp.39015079129097</subfield><subfield code="y">1555</subfield><subfield code="r">pd</subfield><subfield code="q">bib</subfield><subfield code="t">non-US bib date1 &lt; 1879</subfield></datafield></record></collection>